<?xml version="1.0" encoding="UTF-8"?><collection xmlns="http://www.loc.gov/MARC21/slim"><record><leader>00408nam--2200157-i-4500</leader><controlfield tag="001">000008219</controlfield><controlfield tag="002">20161230</controlfield><controlfield tag="005">20170211155221</controlfield><controlfield tag="008">060222s1000------------r-----000-0-eng-d</controlfield><datafield ind1=" " ind2=" " tag="080"><subfield code="a">621.39</subfield></datafield><datafield ind1=" " ind2=" " tag="245"><subfield code="a">Communication system engineering in handbook</subfield></datafield><datafield ind1=" " ind2=" " tag="260"><subfield code="a">New York</subfield><subfield code="b">Mcgraw-Hill Book Co</subfield><subfield code="c">1967</subfield></datafield><datafield ind1=" " ind2=" " tag="300"><subfield code="a">XV + /P.Dif.</subfield></datafield><datafield ind1=" " ind2=" " tag="700"><subfield code="a">Hamsher, Donald H</subfield></datafield><datafield ind1=" " ind2=" " tag="852"><subfield code="a">27466</subfield></datafield><datafield ind1=" " ind2=" " tag="CAT"><subfield code="a">SYS</subfield><subfield code="c">20170211</subfield><subfield code="h">155221</subfield></datafield></record></collection>